%% This BibTeX bibliography file was created using BibDesk.
%% http://bibdesk.sourceforge.net/


%% Created for Flavio Cruz at 2014-04-01 15:54:06 +0100 


%% Saved with string encoding Unicode (UTF-8) 



@incollection{Ehrig:2004vn,
	Author = {Ehrig, Hartmut and Padberg, Julia},
	Booktitle = {Lectures on Concurrency and Petri Nets},
	Date-Added = {2014-03-31 16:03:03 +0000},
	Date-Modified = {2014-03-31 16:03:05 +0000},
	Doi = {10.1007/978-3-540-27755-2_14},
	Editor = {Desel, J{\"o}rg and Reisig, Wolfgang and Rozenberg, Grzegorz},
	Isbn = {978-3-540-22261-3},
	Pages = {496-536},
	Publisher = {Springer Berlin Heidelberg},
	Series = {Lecture Notes in Computer Science},
	Title = {Graph Grammars and Petri Net Transformations},
	Url = {http://dx.doi.org/10.1007/978-3-540-27755-2_14},
	Volume = {3098},
	Year = {2004}}

@inproceedings{DeKoninck:2007:URP:1273920.1273924,
	Acmid = {1273924},
	Address = {New York, NY, USA},
	Author = {De Koninck, Leslie and Schrijvers, Tom and Demoen, Bart},
	Booktitle = {Proceedings of the 9th ACM SIGPLAN International Conference on Principles and Practice of Declarative Programming},
	Date-Added = {2014-03-31 15:16:10 +0000},
	Date-Modified = {2014-03-31 15:16:10 +0000},
	Doi = {10.1145/1273920.1273924},
	Isbn = {978-1-59593-769-8},
	Keywords = {constraint handling rules, execution control, rule priorities},
	Location = {Wroclaw, Poland},
	Numpages = {12},
	Pages = {25--36},
	Publisher = {ACM},
	Series = {PPDP '07},
	Title = {User-definable Rule Priorities for CHR},
	Url = {http://doi.acm.org/10.1145/1273920.1273924},
	Year = {2007}}

@misc{Koninck07chrrp:,
	Author = {Leslie De Koninck and Tom Schrijvers and Bart Demoen},
	Date-Added = {2014-03-31 15:15:39 +0000},
	Date-Modified = {2014-03-31 15:15:39 +0000},
	Title = {CHR rp: Constraint Handling Rules with Rule Priorities},
	Year = {2007}}

@incollection{Betz:2005kx,
	Author = {Betz, Hariolf and Fr{\"u}hwirth, Thom},
	Booktitle = {Principles and Practice of Constraint Programming - CP 2005},
	Date-Added = {2014-03-31 15:01:13 +0000},
	Date-Modified = {2014-03-31 15:01:15 +0000},
	Doi = {10.1007/11564751_13},
	Editor = {Beek, Peter},
	Isbn = {978-3-540-29238-8},
	Pages = {137-151},
	Publisher = {Springer Berlin Heidelberg},
	Series = {Lecture Notes in Computer Science},
	Title = {A Linear-Logic Semantics for Constraint Handling Rules},
	Url = {http://dx.doi.org/10.1007/11564751_13},
	Volume = {3709},
	Year = {2005}}

@techreport{Alvaro:EECS-2009-173,
	Abstract = {Recent research has explored using Datalog-based languages to express a distributed system as a set of logical invariants. Two properties of distributed systems proved difficult to model in Datalog. First, the state of any such system evolves with its execution. Second, deductions in these systems may be arbitrarily delayed, dropped, or reordered by the unreliable network links they must traverse. Previous efforts addressed the former by extending Datalog to include updates, key constraints, persistence and events, and the latter by assuming ordered and reliable delivery while ignoring delay. These details have a semantics outside Datalog, which increases the complexity of the language or its interpretation, and forces programmers to think operationally. We argue that the missing component from these previous languages is a notion of time.

In this paper we present Dedalus, a foundation language for programming and reasoning about distributed systems. Dedalus reduces to a subset of Datalog with negation, aggregate functions, successor and choice, and admits an explicit representation of time into the logic language. We show that Dedalus provides a declarative foundation for the two signature features of distributed systems: mutable state, and asynchronous processing and communication. Given these two features, we address three important properties of programs in a domain-specific manner: a notion of safety appropriate to non-terminating computations, stratified monotonic reasoning with negation over time, and efficient evaluation over time via a simple execution strategy. We also provide conservative syntactic checks for our temporal notions of safety and stratification. Our experience implementing full-featured systems in variants of Datalog suggests that Dedalus is well-suited to the specification of rich distributed services and protocols, and provides both cleaner semantics and richer tests of correctness.},
	Author = {Alvaro, Peter and Marczak, William and Conway, Neil and Hellerstein, Joseph M. and Maier, David and Sears, Russell C},
	Date-Added = {2014-03-31 14:46:43 +0000},
	Date-Modified = {2014-03-31 14:46:43 +0000},
	Institution = {EECS Department, University of California, Berkeley},
	Month = {Dec},
	Number = {UCB/EECS-2009-173},
	Title = {Dedalus: Datalog in Time and Space},
	Url = {http://www.eecs.berkeley.edu/Pubs/TechRpts/2009/EECS-2009-173.html},
	Year = {2009}}

@inproceedings{Lopez:2005:MCL:1069774.1069778,
	Acmid = {1069778},
	Address = {New York, NY, USA},
	Author = {L\'{o}pez, Pablo and Pfenning, Frank and Polakow, Jeff and Watkins, Kevin},
	Booktitle = {Proceedings of the 7th ACM SIGPLAN International Conference on Principles and Practice of Declarative Programming},
	Date-Added = {2014-03-31 01:28:07 +0000},
	Date-Modified = {2014-03-31 01:28:07 +0000},
	Doi = {10.1145/1069774.1069778},
	Isbn = {1-59593-090-6},
	Keywords = {committed choice concurrency, linear logic, operational semantics},
	Location = {Lisbon, Portugal},
	Numpages = {12},
	Pages = {35--46},
	Publisher = {ACM},
	Series = {PPDP '05},
	Title = {Monadic Concurrent Linear Logic Programming},
	Url = {http://doi.acm.org/10.1145/1069774.1069778},
	Year = {2005}}

@techreport{Cervesato02aconcurrent,
	Author = {Iliano Cervesato and Frank Pfenning and David Walker and Kevin Watkins},
	Date-Added = {2014-03-31 01:26:16 +0000},
	Date-Modified = {2014-03-31 01:26:16 +0000},
	Title = {A Concurrent Logical Framework II: Examples and Applications},
	Year = {2002}}

@techreport{Watkins03aconcurrent,
	Author = {Kevin Watkins and Iliano Cervesato and Frank Pfenning and David Walker},
	Date-Added = {2014-03-31 01:25:51 +0000},
	Date-Modified = {2014-03-31 01:25:51 +0000},
	Title = {A concurrent logical framework I: Judgments and properties},
	Year = {2003}}

@incollection{Watkins:2004uq,
	Author = {Watkins, Kevin and Cervesato, Iliano and Pfenning, Frank and Walker, David},
	Booktitle = {Types for Proofs and Programs},
	Date-Added = {2014-03-31 01:24:48 +0000},
	Date-Modified = {2014-03-31 01:24:53 +0000},
	Doi = {10.1007/978-3-540-24849-1_23},
	Editor = {Berardi, Stefano and Coppo, Mario and Damiani, Ferruccio},
	Isbn = {978-3-540-22164-7},
	Pages = {355-377},
	Publisher = {Springer Berlin Heidelberg},
	Series = {Lecture Notes in Computer Science},
	Title = {A Concurrent Logical Framework: The Propositional Fragment},
	Url = {http://dx.doi.org/10.1007/978-3-540-24849-1_23},
	Volume = {3085},
	Year = {2004}}

@inproceedings{Miller85anoverview,
	Author = {Dale Miller},
	Booktitle = {in Computational Logic},
	Date-Added = {2014-03-30 22:04:00 +0000},
	Date-Modified = {2014-03-30 22:04:00 +0000},
	Pages = {1--5},
	Publisher = {Cambridge University Press},
	Title = {An Overview of Linear Logic Programming},
	Year = {1985}}

@article{Hodas94logicprogramming,
	Author = {Joshua S. Hodas and Dale Miller},
	Date-Added = {2014-03-30 18:08:41 +0000},
	Date-Modified = {2014-03-30 18:08:41 +0000},
	Journal = {Information and Computation},
	Pages = {32--42},
	Title = {Logic Programming in a Fragment of Intuitionistic Linear Logic},
	Volume = {110},
	Year = {1994}}

@article{DBLP:journals/corr/abs-1007-3829,
	Author = {Hariolf Betz and Frank Raiser and Thom W. Fr{\"u}hwirth},
	Bibsource = {DBLP, http://dblp.uni-trier.de},
	Date-Added = {2014-03-30 17:50:07 +0000},
	Date-Modified = {2014-03-30 17:50:07 +0000},
	Ee = {http://arxiv.org/abs/1007.3829},
	Journal = {CoRR},
	Title = {A Complete and Terminating Execution Model for Constraint Handling Rules},
	Volume = {abs/1007.3829},
	Year = {2010}}

@article{Fages200114,
	Author = {Fran{\c c}ois Fages and Paul Ruet and Sylvain Soliman},
	Date-Added = {2014-03-30 17:47:33 +0000},
	Date-Modified = {2014-03-30 17:47:33 +0000},
	Doi = {http://dx.doi.org/10.1006/inco.2000.3002},
	Issn = {0890-5401},
	Journal = {Information and Computation},
	Number = {1},
	Pages = {14 - 41},
	Title = {Linear Concurrent Constraint Programming: Operational and Phase Semantics},
	Url = {http://www.sciencedirect.com/science/article/pii/S0890540100930025},
	Volume = {165},
	Year = {2001}}

@phdthesis{raiser_phdthesis10,
	Abstract = { Constraint Handling Rules (CHR) is a rule- and logic-based formalism and has established itself as an active research topic. In contrast to other rule-based approaches, CHR is both, a theoretical formalism related to first-order and linear-logic, and a practical rule-based programming language. Other rule- and logic-based approaches have been successfully embedded in CHR. For this reason, it is considered a candidate for a lingua-franca of such approaches. We investigate CHR{\^A}Â´s suitability for this purpose exemplarily, by considering an embedding of graph transformation systems (GTSs) in CHR, which helps us in identifying points of improvements for strengthening the lingua-franca argument further. In particular, we present a novel formulation of the operational semantics of CHR, which is founded on an equivalence relation over CHR states. It justifies the perspective on CHR as a rule-based rewriting system of equivalence classes, which abstracts over infinitely many possible syntactic variations of a CHR state. Overall, this equivalence-based operational semantics provides a powerful formal analysis tool for CHR, which can significantly reduce proof complexity. The lingua-franca argument implies a potential for cross-fertilization of research. Hence, we revisit program analysis methods available in the CHR literature. Our extended methods apply an invariant to make implicit assumptions explicitly available during analysis, hence, effectively eliminating irrelevant states. The resulting methods are applicable to strictly larger classes of CHR programs and provide more promising approaches towards analyzing more complex programs. Finally, we compare program analysis methods in GTSs and CHR. We find that the adapted CHR confluence test, when applied to a GTS embedded in CHR, corresponds to a sufficient criterion for confluence of the GTS. Similarly, we introduce program equivalence for GTSs with a sufficient criterion based on the CHR program equivalence test. },
	Address = {Germany},
	Author = {Frank Raiser},
	Date-Added = {2014-03-30 17:45:10 +0000},
	Date-Modified = {2014-03-30 17:45:10 +0000},
	Keywords = {Graph Transformation Systems, related formalisms},
	Month = nov,
	Pdf = {http://vts.uni-ulm.de/docs/2010/7454/vts_7454_10608.pdf},
	School = {Ulm University},
	Title = {Graph {T}ransformation {S}ystems in {C}onstraint {H}andling {R}ules: Improved Methods for Program Analysis},
	Url = {http://vts.uni-ulm.de/query/longview.meta.asp?document_id=7454},
	Year = 2010}

@article{Raiser:2011:AGT:1972935.1972938,
	Acmid = {1972938},
	Address = {New York, NY, USA},
	Author = {Raiser, Frank and Fr\"{U}hwirth, Thom},
	Date-Added = {2014-03-30 17:44:39 +0000},
	Date-Modified = {2014-03-30 17:44:39 +0000},
	Doi = {10.1017/S1471068410000438},
	Issn = {1471-0684},
	Issue_Date = {January 2011},
	Journal = {Theory Pract. Log. Program.},
	Keywords = {Constraint handling rules, Graph transformation systems, Program analysis},
	Month = jan,
	Number = {1},
	Numpages = {45},
	Pages = {65--109},
	Publisher = {Cambridge University Press},
	Title = {Analysing Graph Transformation Systems Through Constraint Handling Rules},
	Url = {http://dx.doi.org/10.1017/S1471068410000438},
	Volume = {11},
	Year = {2011}}

@article{Betz:2013:LBA:2422085.2422086,
	Address = {New York, NY, USA},
	Author = {Betz, Hariolf and Fr\"{u}hwirth, Thom},
	Date-Added = {2014-03-30 17:43:15 +0000},
	Date-Modified = {2014-03-30 17:44:09 +0000},
	Issue_Date = {February 2013},
	Journal = {ACM Trans. Comput. Logic},
	Keywords = {Constraint handling rules, declarative semantics, linear logic},
	Month = feb,
	Number = {1},
	Pages = {1:1--1:37},
	Publisher = {ACM},
	Title = {Linear-Logic Based Analysis of Constraint Handling Rules with Disjunction},
	Volume = {14},
	Year = {2013}}

@inproceedings{zaniolo-arni-ong-dood93,
	Author = {Carlo Zaniolo and Natraj Arni and Kayliang Ong},
	Booktitle = {Deductive and Object-Oriented Databases},
	Date-Added = {2014-03-27 18:49:00 +0000},
	Date-Modified = {2014-03-27 18:49:00 +0000},
	Masid = {3439493},
	Pages = {204--221},
	Title = {Negation and Aggregates in Recursive Rules: the {LDL}++ Approach},
	Year = {1993}}

@inproceedings{Loo-condie-garofalakis-p2,
	Author = {Boon T. Loo and Tyson Condie and Minos Garofalakis and David E. Gay and Joseph M. Hellerstein},
	Booktitle = {International Conference on Management of Data (SIGMOD)},
	Date-Added = {2014-03-27 18:49:00 +0000},
	Date-Modified = {2014-03-27 18:49:00 +0000},
	Masid = {10150566},
	Pages = {97--108},
	Title = {Declarative Networking: Language, Execution and Optimization},
	Year = {2006}}

@article{hellerstein-declarative,
	Author = {Joseph M. Hellerstein},
	Date-Added = {2014-03-27 18:49:00 +0000},
	Date-Modified = {2014-03-27 18:49:00 +0000},
	Masid = {13716473},
	Title = {The Declarative Imperative: Experiences and Conjectures in Distributed Logic},
	Year = {2010}}

@inproceedings{gabriel04-open-mpi,
	Author = {Edgar Gabriel and Graham E. Fagg and George Bosilca and Thara Angskun and Jack J. Dongarra and Jeffrey M. Squyres and Vishal Sahay and Prabhanjan Kambadur and Brian Barrett and Andrew Lumsdaine and Ralph H. Castain and David J. Daniel and Richard L. Graham and Timothy S. Woodall},
	Booktitle = {European PVM/MPI Users' Group Meeting},
	Date-Added = {2014-03-27 18:49:00 +0000},
	Date-Modified = {2014-03-27 18:49:00 +0000},
	Optaddress = {Budapest, Hungary},
	Optmonth = sep,
	Pages = {97--104},
	Title = {Open {MPI}: Goals, Concept, and Design of a Next Generation {MPI} Implementation},
	Year = {2004}}

@book{Chapman-2007-UOP-1370966,
	Author = {Barbara Chapman and Gabriele Jost and Ruud van der Pas},
	Date-Added = {2014-03-27 18:49:00 +0000},
	Date-Modified = {2014-03-27 18:49:00 +0000},
	Optpublisher = {The MIT Press},
	Title = {Using Open{MP}: Portable Shared Memory Parallel Programming (Scientific and Engineering Computation)},
	Year = {2007}}

@article{Ali-86,
	Author = {K. Ali},
	Date-Added = {2014-03-27 18:49:00 +0000},
	Date-Modified = {2014-03-27 18:49:00 +0000},
	Journal = {International Journal of Parallel Programming},
	Number = {3},
	Optmonth = {June},
	Pages = {189--214},
	Title = {{Or-parallel Execution of Prolog on a Multi-Sequential Machine}},
	Volume = {15},
	Year = {1986}}

@inproceedings{Shen-92,
	Author = {K. Shen},
	Booktitle = {Joint International Conference and Symposium on Logic Programming},
	Date-Added = {2014-03-27 18:49:00 +0000},
	Date-Modified = {2014-03-27 18:49:00 +0000},
	Optaddress = {Washington, DC, USA},
	Optpublisher = {The MIT Press},
	Pages = {717--731},
	Title = {{Exploiting Dependent And-parallelism in Prolog: The Dynamic Dependent And-Parallel Scheme (DDAS)}},
	Year = {1992}}

@article{Blelloch:1996:PPA:227234.227246,
	Acmid = {227246},
	Author = {Guy E. Blelloch},
	Date-Added = {2014-03-27 18:49:00 +0000},
	Date-Modified = {2014-03-27 18:49:00 +0000},
	Issue = {3},
	Journal = {Communications of the ACM},
	Numpages = {13},
	Optaddress = {New York, NY, USA},
	Optmonth = mar,
	Optpublisher = {ACM},
	Pages = {85--97},
	Title = {Programming parallel algorithms},
	Volume = {39},
	Year = {1996}}

@book{Ullman:1990:PDK:533142,
	Author = {Jeffrey D. Ullman},
	Date-Added = {2014-03-27 18:49:00 +0000},
	Date-Modified = {2014-03-27 18:49:00 +0000},
	Optaddress = {New York, NY, USA},
	Optpublisher = {W. H. Freeman \& Co.},
	Title = {Principles of Database and Knowledge-Base Systems: Volume {II}: The New Technologies},
	Year = {1990}}

@techreport{Nikhil93anoverview,
	Author = {Rishiyur S. Nikhil},
	Date-Added = {2014-03-27 18:49:00 +0000},
	Date-Modified = {2014-03-27 18:49:00 +0000},
	Institution = {Digital Equipment Corporation, Cambridge Research Laboratory},
	Title = {An Overview of the Parallel Language Id (a foundation for p{H}, a parallel dialect of Haskell)},
	Year = {1993}}

@article{Dean:2008:MSD:1327452.1327492,
	Acmid = {1327492},
	Author = {Jeffrey Dean and Sanjay Ghemawat},
	Date-Added = {2014-03-27 18:49:00 +0000},
	Date-Modified = {2014-03-27 18:49:00 +0000},
	Issue = {1},
	Issue_Date = {January 2008},
	Journal = {Communications of the ACM},
	Numpages = {7},
	Optaddress = {New York, NY, USA},
	Optmonth = jan,
	Optpublisher = {ACM},
	Pages = {107--113},
	Title = {MapReduce: simplified data processing on large clusters},
	Volume = {51},
	Year = {2008}}

@inproceedings{RamakrishnanIV-95,
	Author = {I. V. Ramakrishnan and P. Rao and K. Sagonas and T. Swift and D. S. Warren},
	Booktitle = {International Conference on Logic Programming},
	Date-Added = {2014-03-27 18:49:00 +0000},
	Date-Modified = {2014-03-27 18:49:00 +0000},
	Optaddress = {Tokyo, Japan},
	Optmonth = {June},
	Optpublisher = {The MIT Press},
	Pages = {687--711},
	Title = {{Efficient Tabling Mechanisms for Logic Programs}},
	Year = {1995}}

@inproceedings{Chu:2007:DID:1322263.1322281,
	Acmid = {1322281},
	Author = {David Chu and Lucian Popa and Arsalan Tavakoli and Joseph M. Hellerstein and Philip Levis and Scott Shenker and Ion Stoica},
	Booktitle = {International Conference on Embedded Networked Sensor Systems (SenSys)},
	Date-Added = {2014-03-27 18:49:00 +0000},
	Date-Modified = {2014-03-27 18:49:00 +0000},
	Keywords = {declarative programming, sensor networks},
	Numpages = {14},
	Optaddress = {New York, NY, USA},
	Optlocation = {Sydney, Australia},
	Optpublisher = {ACM},
	Optseries = {SenSys '07},
	Pages = {175--188},
	Title = {The design and implementation of a declarative sensor network system},
	Year = {2007}}

@inproceedings{alvaro:boom,
	Author = {Peter Alvaro and Tyson Condie and Neil Conway and Khaled Elmeleegy and Joseph M. Hellerstein and Russell Sears},
	Booktitle = {European Conference on Computer Systems (EuroSys)},
	Date-Added = {2014-03-27 18:49:00 +0000},
	Date-Modified = {2014-03-27 18:49:00 +0000},
	Pages = {223--236},
	Title = {Boom analytics: exploring data-centric, declarative programming for the cloud.},
	Year = {2010}}

@article{goldstein-computer05,
	Author = {Seth C. Goldstein and Jason D. Campbell and Todd C. Mowry},
	Date-Added = {2014-03-27 18:49:00 +0000},
	Date-Modified = {2014-03-27 18:49:00 +0000},
	Journal = {IEEE Computer},
	Keywords = {Claytronics Overview},
	Number = {6},
	Optmonth = jun,
	Opturl = {http://www.cs.cmu.edu/~claytronics/papers/goldstein-computer05.pdf},
	Pages = {99--101},
	Title = {Programmable Matter},
	Venue = {IEEE Computer},
	Volume = {38},
	Year = {2005}}

@article{Balbin1987259,
	Author = {I. Balbin and K. Ramamohanarao},
	Date-Added = {2014-03-27 18:49:00 +0000},
	Date-Modified = {2014-03-27 18:49:00 +0000},
	Journal = {The Journal of Logic Programming},
	Number = {3},
	Pages = {259--262},
	Title = {A generalization of the differential approach to recursive query evaluation},
	Url = {http://www.sciencedirect.com/science/article/pii/0743106687900045},
	Volume = {4},
	Year = {1987},
	Bdsk-Url-1 = {http://www.sciencedirect.com/science/article/pii/0743106687900045}}

@book{Ehrhard:2004:LLC:1076282,
	Author = {Thomas Ehrhard and Jean-Yves Girard and Paul Ruet and Philip Scott},
	Date-Added = {2014-03-27 18:49:00 +0000},
	Date-Modified = {2014-03-27 18:49:00 +0000},
	Optaddress = {New York, NY, USA},
	Optpublisher = {Cambridge University Press},
	Series = {London Mathematical Society Lecture Note Series},
	Title = {Linear Logic in Computer Science},
	Year = {2004}}

@inproceedings{j.simmons:linear,
	Author = {Robert J. Simmons and Frank Pfenning},
	Booktitle = {PEPM'09},
	Date-Added = {2014-03-27 18:49:00 +0000},
	Date-Modified = {2014-03-27 18:49:00 +0000},
	Pages = {9--20},
	Title = {Linear logical approximations.},
	Year = {2009}}

@inproceedings{Gonzalez+al:aistats09paraml,
	Author = {Joseph Gonzalez and Yucheng Low and Carlos Guestrin},
	Booktitle = {Artificial Intelligence and Statistics (AISTATS)},
	Date-Added = {2014-03-27 18:49:00 +0000},
	Date-Modified = {2014-03-27 18:49:00 +0000},
	Optaddress = {Clearwater Beach, Florida},
	Optmonth = apr,
	Title = {Residual Splash for Optimally Parallelizing Belief Propagation},
	Wwwfilebase = {aistats2009-gonzalez-low-guestrin},
	Wwwtopic = {Parallel Learning},
	Year = {2009}}

@techreport{Culler:CSD-92-713,
	Author = {David E. Culler and Richard Karp and David A. Patterson and Abhijit Sahay and Klaus Erik Schauser and Eunice Santos and Ramesh Subramonian and Thorsten von Eicken},
	Date-Added = {2014-03-27 18:49:00 +0000},
	Date-Modified = {2014-03-27 18:49:00 +0000},
	Institution = {EECS Department, University of California, Berkeley},
	Number = {UCB/CSD-92-713},
	Optmonth = dec,
	Title = {Log{P}: Towards a Realistic Model of Parallel Computation},
	Url = {http://www.eecs.berkeley.edu/Pubs/TechRpts/1992/6262.html},
	Year = {1992},
	Bdsk-Url-1 = {http://www.eecs.berkeley.edu/Pubs/TechRpts/1992/6262.html}}

@inproceedings{Shavit94diffractingtrees,
	Author = {Nir Shavit and Asaph Zemach},
	Booktitle = {In Proceedings of the 5th Annual ACM Symposium on Parallel Algorithms and Architectures. ACM},
	Date-Added = {2014-03-27 18:49:00 +0000},
	Date-Modified = {2014-03-27 18:49:00 +0000},
	Title = {Diffracting trees},
	Year = {1994}}

@inproceedings{m.michael:simple,
	Author = {Maged M. Michael and Michael L. Scott},
	Booktitle = {PODC'96},
	Date-Added = {2014-03-27 18:49:00 +0000},
	Date-Modified = {2014-03-27 18:49:00 +0000},
	Pages = {267--275},
	Title = {Simple, Fast, and Practical Non-Blocking and Blocking Concurrent Queue Algorithms.},
	Year = {1996}}

@inproceedings{Flood:2001:PGC:1267847.1267868,
	Acmid = {1267868},
	Author = {Christine H. Flood and David Detlefs and Nir Shavit and Xiaolan Zhang},
	Booktitle = {Proceedings of the 2001 Symposium on JavaTM Virtual Machine Research and Technology Symposium - Volume 1},
	Date-Added = {2014-03-27 18:49:00 +0000},
	Date-Modified = {2014-03-27 18:49:00 +0000},
	Numpages = {1},
	Optaddress = {Berkeley, CA, USA},
	Optlocation = {Monterey, California},
	Optpublisher = {USENIX Association},
	Pages = {21--21},
	Series = {JVM'01},
	Title = {Parallel garbage collection for shared memory multiprocessors},
	Url = {http://portal.acm.org/citation.cfm?id=1267847.1267868},
	Year = {2001},
	Bdsk-Url-1 = {http://portal.acm.org/citation.cfm?id=1267847.1267868}}

@article{safras87,
	Author = {E. W. Dijkstra},
	Date-Added = {2014-03-27 18:49:00 +0000},
	Date-Modified = {2014-03-27 18:49:00 +0000},
	Masid = {1926558},
	Title = {Shmuel safra's version of termination detection (note ewd998)},
	Year = {1987}}

@inproceedings{Malewicz:2010:PSL:1807167.1807184,
	Acmid = {1807184},
	Author = {Grzegorz Malewicz and Matthew H. Austern and Aart J. C. Bik and James C. Dehnert and Ilan Horn and Naty Leiser and Grzegorz Czajkowski},
	Booktitle = {International Conference on Management of Data (SIGMOD)},
	Date-Added = {2014-03-27 18:49:00 +0000},
	Date-Modified = {2014-03-27 18:49:00 +0000},
	Keywords = {distributed computing, graph algorigthms},
	Numpages = {12},
	Optaddress = {New York, NY, USA},
	Optlocation = {Indianapolis, Indiana, USA},
	Optpublisher = {ACM},
	Optseries = {SIGMOD '10},
	Pages = {135--146},
	Title = {Pregel: a system for large-scale graph processing},
	Year = {2010}}

@article{8queens,
	Author = {E. J. Hoffman and J. C. Loessi and R. C. Moore},
	Date-Added = {2014-03-27 18:49:00 +0000},
	Date-Modified = {2014-03-27 18:49:00 +0000},
	Journal = {Mathematics Magazine},
	Number = {2},
	Optmonth = mar,
	Pages = {66--72},
	Title = {Construction for the Solutions of the {M} Queens Problem},
	Volume = {42},
	Year = {1969}}

@inproceedings{Liu98extendingdatalog,
	Author = {Mengchi Liu},
	Booktitle = {International Conference on Database and Expert System Applications (DEXA)},
	Date-Added = {2014-03-27 18:49:00 +0000},
	Date-Modified = {2014-03-27 18:49:00 +0000},
	Optpublisher = {Springer Berlin Heidelberg},
	Pages = {752--763},
	Title = {Extending Datalog with Declarative Updates},
	Volume = {1873},
	Year = {1998}}

@inproceedings{Ludascher95alogical,
	Author = {Bertram Lud{\"a}scher and Ulrich Hamann and Georg Lausen},
	Booktitle = {International Conference on Management of Data (SIGMOD)},
	Date-Added = {2014-03-27 18:49:00 +0000},
	Date-Modified = {2014-03-27 18:49:00 +0000},
	Title = {A Logical Framework for Active Rules},
	Year = {1995}}

@article{girard-87,
	Author = {Jean-Yves Girard},
	Date-Added = {2014-03-27 18:49:00 +0000},
	Date-Modified = {2014-03-27 18:49:00 +0000},
	Journal = {Theoretical Computer Science},
	Number = {1},
	Opturl = {http://iml.univ-mrs.fr/~girard/linear.pdf},
	Pages = {1--102},
	Title = {Linear logic},
	Volume = {50},
	Year = {1987}}

@inproceedings{Girard95logic:its,
	Author = {Jean-Yves Girard},
	Booktitle = {Advances in Linear Logic},
	Date-Added = {2014-03-27 18:49:00 +0000},
	Date-Modified = {2014-03-27 18:49:00 +0000},
	Optpublisher = {Cambridge University Press},
	Pages = {1--42},
	Title = {Linear Logic: Its Syntax And Semantics},
	Year = {1995}}

@article{Lubachevsky:1986:CAA:4904.4801,
	Acmid = {4801},
	Author = {Boris Lubachevsky and Debasis Mitra},
	Date-Added = {2014-03-27 18:49:00 +0000},
	Date-Modified = {2014-03-27 18:49:00 +0000},
	Issue = {1},
	Journal = {Journal of the ACM},
	Numpages = {21},
	Optaddress = {New York, NY, USA},
	Optdoi = {http://doi.acm.org/10.1145/4904.4801},
	Optmonth = jan,
	Optpublisher = {ACM},
	Opturl = {http://doi.acm.org/10.1145/4904.4801},
	Pages = {130--150},
	Title = {A chaotic asynchronous algorithm for computing the fixed point of a nonnegative matrix of unit spectral radius},
	Volume = {33},
	Year = {1986}}

@article{Dijkstra,
	Author = {Edsger W. Dijkstra},
	Date-Added = {2014-03-27 18:49:00 +0000},
	Date-Modified = {2014-03-27 18:49:00 +0000},
	Journal = {Numerische Mathematik},
	Language = {English},
	Number = {1},
	Optdoi = {10.1007/BF01386390},
	Optpublisher = {Springer-Verlag},
	Opturl = {http://dx.doi.org/10.1007/BF01386390},
	Pages = {269--271},
	Title = {A note on two problems in connexion with graphs},
	Volume = {1},
	Year = {1959}}

@inproceedings{Murphy99loopybelief,
	Author = {Kevin P. Murphy and Yair Weiss and Michael I. Jordan},
	Booktitle = {Conference on Uncertainty in Artificial Intelligence (UAI)},
	Date-Added = {2014-03-27 18:49:00 +0000},
	Date-Modified = {2014-03-27 18:49:00 +0000},
	Optlocation = {Stockholm, Sweden},
	Pages = {467--475},
	Title = {Loopy Belief Propagation for Approximate Inference: An Empirical Study},
	Year = {1999}}

@article{Owicki:1976:VPP:360051.360224,
	Acmid = {360224},
	Author = {Susan Owicki and David Gries},
	Date-Added = {2014-03-27 18:49:00 +0000},
	Date-Modified = {2014-03-27 18:49:00 +0000},
	Issue_Date = {May 1976},
	Journal = {Communications of the ACM},
	Keywords = {concurrent processes, correctness proofs, deadlock, mutual exclusion, program verification, structured multiprogramming, synchronization},
	Number = {5},
	Numpages = {7},
	Optaddress = {New York, NY, USA},
	Optdoi = {10.1145/360051.360224},
	Optmonth = may,
	Optpublisher = {ACM},
	Opturl = {http://doi.acm.org/10.1145/360051.360224},
	Pages = {279--285},
	Title = {Verifying properties of parallel programs: an axiomatic approach},
	Volume = {19},
	Year = {1976}}

@incollection{Roman97anintroduction,
	Author = {Gruia-Catalin Roman and Peter J. McCann},
	Booktitle = {Parallel and Distributed Processing},
	Date-Added = {2014-03-27 18:49:00 +0000},
	Date-Modified = {2014-03-27 18:49:00 +0000},
	Pages = {871--880},
	Title = {An Introduction to Mobile {UNITY}},
	Year = {1997}}

@book{Milner:1999:CMS:329902,
	Author = {Robin Milner},
	Date-Added = {2014-03-27 18:49:00 +0000},
	Date-Modified = {2014-03-27 18:49:00 +0000},
	Optaddress = {New York, NY, USA},
	Optpublisher = {Cambridge University Press},
	Title = {Communicating and mobile systems: the pi calculus},
	Year = {1999}}

@incollection{UNITY,
	Author = {Jayadev Misra},
	Booktitle = {Constructive Methods in Computing Science},
	Date-Added = {2014-03-27 18:49:00 +0000},
	Date-Modified = {2014-03-27 18:49:00 +0000},
	Language = {English},
	Optdoi = {10.1007/978-3-642-74884-4_12},
	Opteditor = {Manfred Broy},
	Optpublisher = {Springer Berlin Heidelberg},
	Optseries = {NATO ASI Series},
	Opturl = {http://dx.doi.org/10.1007/978-3-642-74884-4_12},
	Pages = {397--445},
	Title = {A Foundation of Parallel Programming},
	Volume = {55},
	Year = {1989}}

@inproceedings{Chakravarty07dataparallel,
	Author = {Manuel M. T. Chakravarty and Roman Leshchinskiy and Simon P. Jones and Gabriele Keller and Simon Marlow},
	Booktitle = {Workshop on Declarative Aspects of Multicore Programming (DAMP)},
	Date-Added = {2014-03-27 18:49:00 +0000},
	Date-Modified = {2014-03-27 18:49:00 +0000},
	Optlocation = {Nice, France},
	Optseries = {DAMP '07},
	Pages = {10--18},
	Title = {Data Parallel Haskell: a status report},
	Year = {2007}}

@book{Butenhof:1997:PPT:263953,
	Author = {David R. Butenhof},
	Date-Added = {2014-03-27 18:49:00 +0000},
	Date-Modified = {2014-03-27 18:49:00 +0000},
	Optaddress = {Boston, MA, USA},
	Optpublisher = {Addison-Wesley Longman Publishing Co., Inc.},
	Title = {Programming with {POSIX} Threads},
	Year = {1997}}

@misc{Page:2001:MNR,
	Acknowledgement = ack-nhfb,
	Author = {Lawrence Page},
	Bibdate = {Thu Jun 02 08:24:11 2011},
	Bibsource = {http://www.math.utah.edu/pub/tex/bib/pagerank.bib},
	Date-Added = {2014-03-27 18:49:00 +0000},
	Date-Modified = {2014-03-27 18:49:00 +0000},
	Day = {4},
	Howpublished = {US Patent 6,285,999},
	Note = {Filed January 9, 1998. Expires around January 9, 2018.},
	Optmonth = sep,
	Remark = {This may be the main patent behind the Google search engine.},
	Title = {Method for node ranking in a linked database},
	Url = {http://patft.uspto.gov/netahtml/PTO/srchnum.htm},
	Year = {2001},
	Bdsk-Url-1 = {http://patft.uspto.gov/netahtml/PTO/srchnum.htm}}

@article{PSP:2032868,
	Author = {R. L. Brooks},
	Date-Added = {2014-03-27 18:49:00 +0000},
	Date-Modified = {2014-03-27 18:49:00 +0000},
	Issue = {02},
	Journal = {Mathematical Proceedings of the Cambridge Philosophical Society},
	Numpages = {4},
	Optdoi = {10.1017/S030500410002168X},
	Optmonth = apr,
	Opturl = {http://journals.cambridge.org/article_S030500410002168X},
	Pages = {194--197},
	Title = {On colouring the nodes of a network},
	Volume = {37},
	Year = {1941}}

@inproceedings{5234320,
	Author = {Jorge S. Cardoso and Carlos Baquero and Paulo S. Almeida},
	Booktitle = {Latin-American Symposium on Dependable Computing (LADC)},
	Date-Added = {2014-03-27 18:49:00 +0000},
	Date-Modified = {2014-03-27 18:49:00 +0000},
	Keywords = {multicast communication;peer-to-peer computing;probability;diameter estimation technique;distributed systems;extrema propagation technique;network diameter probabilistic estimation;network friendly epidemic multicast framework;network size probabilistic estimation;Bandwidth;Computer networks;Convergence;Costs;Delay;Distributed computing;Fault tolerance;Multicast algorithms;Propagation losses;Routing protocols;Network Diameter Estimation;Network Size Estimation;Probabilistic Estimation},
	Optdoi = {10.1109/LADC.2009.19},
	Pages = {33--40},
	Title = {Probabilistic Estimation of Network Size and Diameter},
	Year = {2009}}

@article{Gupta:2001:PEP:504083.504085,
	Acmid = {504085},
	Author = {Gopal Gupta and Enrico Pontelli and Khayri A. M. Ali and Mats Carlsson and Manuel V. Hermenegildo},
	Date-Added = {2014-03-27 18:49:00 +0000},
	Date-Modified = {2014-03-27 18:49:00 +0000},
	Issue_Date = {July 2001},
	Journal = {ACM Transactions on Programming Languages and Systems (TOPLAS)},
	Number = {4},
	Numpages = {131},
	Optaddress = {New York, NY, USA},
	Optkeywords = {Automatic parallelization, constraint programming, logic programming, parallelism, prolog},
	Optmonth = jul,
	Optpublisher = {ACM},
	Pages = {472--602},
	Title = {Parallel Execution of Prolog Programs: {A} Survey},
	Volume = {23},
	Year = {2001}}

@phdthesis{simmons:Thesis,
	Author = {Robert Simmons},
	Date-Added = {2014-03-27 18:49:00 +0000},
	Date-Modified = {2014-03-27 18:49:00 +0000},
	Optaddress = {United States},
	School = {Carnegie Mellon University},
	Title = {{Substructural Logical Specifications}},
	Year = {2012}}

@article{Sundell:2005:FLC:1073765.1073770,
	Author = {H{\aa}kan Sundell and Philippas Tsigas},
	Date-Added = {2014-03-27 18:49:00 +0000},
	Date-Modified = {2014-03-27 18:49:00 +0000},
	Issue_Date = {May 2005},
	Journal = {Journal of Parallel and Distributed Computing},
	Month = may,
	Number = {5},
	Numpages = {19},
	Optaddress = {Orlando, FL, USA},
	Optdoi = {10.1016/j.jpdc.2004.12.005},
	Optkeywords = {Concurrent, Lock-free, Multi-thread, Non-blocking, Priority queue, Real-time, Shared data structure, Skip list},
	Optpublisher = {Academic Press, Inc.},
	Opturl = {http://dx.doi.org/10.1016/j.jpdc.2004.12.005},
	Pages = {609--627},
	Title = {Fast and Lock-free Concurrent Priority Queues for Multi-thread Systems},
	Volume = {65},
	Year = {2005}}

@inproceedings{Kirby-chi11,
	Author = {Brian T. Kirby and Michael Ashley-Rollman and Seth C. Goldstein},
	Booktitle = {CHI '11 Extended Abstracts on Human Factors in Computing Systems},
	Date-Added = {2014-03-27 18:49:00 +0000},
	Date-Modified = {2014-03-27 18:49:00 +0000},
	Optaddress = {New York, NY, USA},
	Optdoi = {10.1145/1979742.1979712},
	Optisbn = {978-1-4503-0268-5},
	Optpublisher = {ACM},
	Pages = {1111--1116},
	Series = {CHI EA '11},
	Title = {Blinky blocks: a physical ensemble programming platform},
	Year = {2011}}

@article{Wadler:1997:DI:262009.262011,
	Address = {New York, NY, USA},
	Author = {Philip Wadler},
	Date-Added = {2014-03-27 18:49:00 +0000},
	Date-Modified = {2014-03-27 18:49:00 +0000},
	Journal = {ACM Computing Surveys},
	Month = sep,
	Number = {3},
	Optacmid = {262011},
	Optdoi = {10.1145/262009.262011},
	Optissn = {0360-0300},
	Optkeywords = {Haskell, functional programming, monad},
	Optnumpages = {24},
	Optpublisher = {ACM},
	Opturl = {http://doi.acm.org/10.1145/262009.262011},
	Pages = {240--263},
	Title = {How to Declare an Imperative},
	Volume = {29},
	Year = {1997}}

@inbook{howard:tfatnoc,
	Address = {Boston, MA},
	Author = {William A. Howard},
	Booktitle = {To H. B. Curry: essays on combinatory logic, lambda calculus and formalism},
	Date-Added = {2014-03-27 18:49:00 +0000},
	Date-Modified = {2014-03-27 18:49:00 +0000},
	Opteditor = {Seldin, J. P. and Hindley, J. R.},
	Optpublisher = {Academic Press},
	Pages = {480--490},
	Title = {{The formulae-as-types notion of construction}},
	Year = {1980}}

@inproceedings{Papadopoulos98coordinationmodels,
	Author = {George A. Papadopoulos and Farhad Arbab},
	Booktitle = {Advances in Computers},
	Date-Added = {2014-03-27 18:49:00 +0000},
	Date-Modified = {2014-03-27 18:49:00 +0000},
	Optpublisher = {Academic Press},
	Pages = {329--400},
	Title = {Coordination Models and Languages},
	Year = {1998}}

@article{Ramakrishnan93asurvey,
	Author = {Raghu Ramakrishnan and Jeffrey D. Ullman},
	Date-Added = {2014-03-27 18:49:00 +0000},
	Date-Modified = {2014-03-27 18:49:00 +0000},
	Journal = {Journal of Logic Programming},
	Pages = {125--149},
	Title = {A Survey of Research on Deductive Database Systems},
	Volume = {23},
	Year = {1993}}

@inproceedings{Colmerauer:1993:BP:154766.155362,
	Address = {New York, NY, USA},
	Author = {Colmerauer, Alain and Roussel, Philippe},
	Booktitle = {The Second ACM SIGPLAN Conference on History of Programming Languages},
	Date-Added = {2014-03-27 18:49:00 +0000},
	Date-Modified = {2014-03-27 18:49:00 +0000},
	Optacmid = {155362},
	Optdoi = {10.1145/154766.155362},
	Optisbn = {0-89791-570-4},
	Optnumpages = {16},
	Optpublisher = {ACM},
	Optseries = {HOPL-II},
	Opturl = {http://doi.acm.org/10.1145/154766.155362},
	Pages = {37--52},
	Title = {The Birth of Prolog},
	Year = {1993}}

@article{journals/jsyml/Horn51,
	Author = {Alfred Horn},
	Date-Added = {2014-03-27 18:49:00 +0000},
	Date-Modified = {2014-03-27 18:49:00 +0000},
	Journal = {Journal of Symbolic Logic},
	Number = 1,
	Optkeywords = {dblp},
	Opturl = {http://dblp.uni-trier.de/db/journals/jsyml/jsyml16.html#Horn51},
	Pages = {14-21},
	Title = {On Sentences Which are True of Direct Unions of Algebras.},
	Volume = 16,
	Year = 1951}

@inproceedings{BaeldeM07,
	Author = {Baelde, David and Miller, Dale},
	Booktitle = {LPAR},
	Date-Added = {2014-03-27 18:46:37 +0000},
	Date-Modified = {2014-03-27 18:46:37 +0000},
	Optpublisher = {Springer},
	Optseries = {Lecture Notes in Computer Science},
	Pages = {92-106},
	Title = {Least and Greatest Fixed Points in Linear Logic.},
	Volume = 4790,
	Year = 2007}

@inproceedings{ashley-rollman-iclp09,
	Author = {Michael P. Ashley-Rollman and Peter Lee and Seth C. Goldstein and Padmanabhan Pillai and Jason D. Campbell},
	Booktitle = {International Conference on Logic Programming (ICLP)},
	Date-Added = {2014-03-27 18:46:06 +0000},
	Date-Modified = {2014-03-27 18:46:06 +0000},
	Optkeywords = {Distributed Systems, Meld, Programming Languages},
	Optmonth = jul,
	Title = {A Language for Large Ensembles of Independently Executing Nodes},
	Year = {2009}}

@inproceedings{ashley-rollman-derosa-iros07wksp,
	Author = {Michael P. Ashley-Rollman and Michael De~Rosa and Siddhartha S. Srinivasa and Padmanabhan Pillai and Seth C. Goldstein and Jason D. Campbell},
	Booktitle = {Workshop on Self-Reconfigurable Robots/Systems and Applications at IROS 2007},
	Date-Added = {2014-03-27 18:46:06 +0000},
	Date-Modified = {2014-03-27 18:46:06 +0000},
	Optkeywords = {Programming Models, Planning, LDP, Meld},
	Optmonth = oct,
	Opturl = {http://www.cs.cmu.edu/~claytronics/papers/ashley-rollman-derosa-iros07wksp.pdf},
	Title = {Declarative Programming for Modular Robots},
	Venue = {Workshop on Self-Reconfigurable Robots/Systems and Applications at IROS},
	Year = {2007}}

@inproceedings{dewey-iros08,
	Author = {Daniel J. Dewey and Michael P. Ashley-Rollman and Michael De Rosa and Seth C. Goldstein and Todd C. Mowry and Siddhartha S. Srinivasa and Padmanabhan Pillai and Jason D. Campbell},
	Booktitle = {International Conference on Intelligent Robots and Systems (IROS)},
	Date-Added = {2014-03-27 18:46:06 +0000},
	Date-Modified = {2014-03-27 18:46:06 +0000},
	Month = sep,
	Optdoi = {10.1109/IROS.2008.4651094},
	Optkeywords = {robots;self-adjusting systems;associated distributed asynchronous planner;extant modular robotic systems;holonomic metamodule;lattice-based modular robotic systems;metamodules theory;modular robotic system planning;Distance measurement;Generators;Lattices;Pixel;Planning;Robots;Shape},
	Pages = {1338--1345},
	Title = {Generalizing metamodules to simplify planning in modular robotic systems},
	Year = {2008}}

@inproceedings{Hellerstein:2010:DRE:1807085.1807087,
	Author = {Joseph M. Hellerstein},
	Booktitle = {Proceedings of the twenty-ninth ACM SIGMOD-SIGACT-SIGART symposium on Principles of database systems of data},
	Date-Added = {2014-03-27 18:46:06 +0000},
	Date-Modified = {2014-03-27 18:46:06 +0000},
	Optacmid = {1807087},
	Optaddress = {New York, NY, USA},
	Optkeywords = {bloom, boom, cloud computing, datalog, dedalus, distributed systems, overlog, parallelism},
	Optlocation = {Indianapolis, Indiana, USA},
	Optnumpages = {2},
	Optpublisher = {ACM},
	Pages = {1--2},
	Series = {PODS '10},
	Title = {Datalog redux: experience and conjecture},
	Year = {2010}}

@incollection{Bancilhon:1986:NER:8789.8804,
	Author = {Francois Bancilhon},
	Date-Added = {2014-03-27 18:46:06 +0000},
	Date-Modified = {2014-03-27 18:46:06 +0000},
	Editor = {Michael L Brodie and John Mylopoulos},
	Optacmid = {8804},
	Optaddress = {New York, NY, USA},
	Optchapter = {Naive evaluation of recursively defined relations},
	Optnumpages = {14},
	Optpublisher = {Springer-Verlag New York, Inc.},
	Pages = {165--178},
	Title = {On knowledge base management systems: integrating artificial intelligence and d atabase technologies},
	Url = {http://portal.acm.org/citation.cfm?id=8789.8804},
	Year = {1986},
	Bdsk-Url-1 = {http://portal.acm.org/citation.cfm?id=8789.8804}}

@article{Karypis:1998:FHQ:305219.305248,
	Author = {George Karypis and Vipin Kumar},
	Date-Added = {2014-03-27 18:46:06 +0000},
	Date-Modified = {2014-03-27 18:46:06 +0000},
	Issue = {1},
	Journal = {SIAM J. Sci. Comput.},
	Optacmid = {305248},
	Optaddress = {Philadelphia, PA, USA},
	Optkeywords = {fill-reducing orderings, finite element computations, graph partitioning, parallel computations},
	Optmonth = dec,
	Optnumpages = {34},
	Optpublisher = {Society for Industrial and Applied Mathematics},
	Pages = {359--392},
	Title = {A Fast and High Quality Multilevel Scheme for Partitioning Irregular Graphs},
	Volume = {20},
	Year = {1998}}

@article{McAllester:2002:CAS:581771.581774,
	Author = {David McAllester},
	Date-Added = {2014-03-27 18:46:06 +0000},
	Date-Modified = {2014-03-27 18:46:06 +0000},
	Issue = {4},
	Journal = {J. ACM},
	Optacmid = {581774},
	Optaddress = {New York, NY, USA},
	Optkeywords = {Algorithms, complexity analysis, logic programming, models of computation, program analysis, programming languages},
	Optmonth = jul,
	Optnumpages = {26},
	Optpublisher = {ACM},
	Pages = {512--537},
	Title = {On the complexity analysis of static analyses},
	Volume = {49},
	Year = {2002}}

@inproceedings{Isard:2007:DDD:1272996.1273005,
	Author = {Michael Isard and Mihai Budiu and Yuan Yu and Andrew Birrell and Dennis Fetterly},
	Booktitle = {European Conference on Computer Systems (EuroSys)},
	Date-Added = {2014-03-27 18:46:06 +0000},
	Date-Modified = {2014-03-27 18:46:06 +0000},
	Optacmid = {1273005},
	Optaddress = {New York, NY, USA},
	Optkeywords = {cluster computing, concurrency, dataflow, distributed programming},
	Optlocation = {Lisbon, Portugal},
	Optnumpages = {14},
	Optpublisher = {ACM},
	Optseries = {EuroSys '07},
	Pages = {59--72},
	Title = {Dryad: distributed data-parallel programs from sequential building blocks},
	Year = {2007}}

@inproceedings{GraphLab2010,
	Added-At = {2011-12-15T00:00:00.000+0100},
	Author = {Yucheng Low and Joseph Gonzalez and Aapo Kyrola and Danny Bickson and Carlos Guestrin and Joseph M. Hellerstein},
	Biburl = {http://www.bibsonomy.org/bibtex/23f0eff8b2bcc015496052fbb373dafaa/dblp},
	Booktitle = {Conference on Uncertainty in Artificial Intelligence (UAI)},
	Date-Added = {2014-03-27 18:46:06 +0000},
	Date-Modified = {2014-03-27 18:46:06 +0000},
	Interhash = {15a1c9cddadef854afe21ec56a73a502},
	Intrahash = {3f0eff8b2bcc015496052fbb373dafaa},
	Opteditor = {Peter Gr{\"u}nwald and Peter Spirtes},
	Optkeywords = {dblp},
	Optpublisher = {AUAI Press},
	Pages = {340--349},
	Timestamp = {2011-12-15T00:00:00.000+0100},
	Title = {GraphLab: {A} New Framework For Parallel Machine Learning.},
	Year = {2010}}

@article{Rolfe:2008:SMA:1473195.1473217,
	Author = {Timothy J. Rolfe},
	Date-Added = {2014-03-27 18:46:06 +0000},
	Date-Modified = {2014-03-27 18:46:06 +0000},
	Issue_Date = {December 2008},
	Journal = {SIGCSE Bulletin},
	Number = {4},
	Optacmid = {1473217},
	Optaddress = {New York, NY, USA},
	Optdoi = {10.1145/1473195.1473217},
	Optkeywords = {MPI, backtracking, parallel processing},
	Optmonth = nov,
	Optnumpages = {4},
	Optpublisher = {ACM},
	Opturl = {http://doi.acm.org/10.1145/1473195.1473217},
	Pages = {42--45},
	Title = {A specimen {MPI} application: {N}-Queens in parallel},
	Volume = {40},
	Year = {2008}}

@online{8queens-parallel,
	Author = {Timothy Rolfe},
	Date-Added = {2014-03-27 18:46:06 +0000},
	Date-Modified = {2014-03-27 18:46:06 +0000},
	Journal = {Dr. Dobb's Journal},
	Number = {5},
	Optaddress = {Internet},
	Optmonth = may,
	Pages = {32--37},
	Title = {Optimal Queens},
	Url = {http://www.ddj.com/dept/architect/184406068},
	Volume = {30},
	Year = {2005},
	Bdsk-Url-1 = {http://www.ddj.com/dept/architect/184406068}}

@article{linda,
	Author = {Sudhir Ahuja and Nicholas Carriero and David Gelernter},
	Date-Added = {2014-03-27 18:46:06 +0000},
	Date-Modified = {2014-03-27 18:46:06 +0000},
	Journal = {Computer},
	Number = {8},
	Optdoi = {10.1109/MC.1986.1663305},
	Optkeywords = {Concurrent computing;Debugging;Hypercubes;Kernel;Mood;Parallel languages;Parallel machines;Parallel processing;Parallel programming;Programming profession},
	Pages = {26--34},
	Title = {Linda and Friends},
	Volume = {19},
	Year = {1986}}

@article{Baelde:2012:LGF:2071368.2071370,
	Author = {David Baelde},
	Date-Added = {2014-03-27 18:46:06 +0000},
	Date-Modified = {2014-03-27 18:46:06 +0000},
	Issue_Date = {January 2012},
	Journal = {ACM Transactions on Computational Logic},
	Number = {1},
	Optacmid = {2071370},
	Optaddress = {New York, NY, USA},
	Optarticleno = {2},
	Optdoi = {10.1145/2071368.2071370},
	Optkeywords = {(co)induction, Fixed points, cut elimination, focusing, linear logic, normalization, proof search, recursive definitions},
	Optmonth = jan,
	Optnumpages = {44},
	Optpublisher = {ACM},
	Opturl = {http://doi.acm.org/10.1145/2071368.2071370},
	Pages = {1--44},
	Title = {Least and Greatest Fixed Points in Linear Logic},
	Volume = {13},
	Year = {2012}}

@incollection{twelf,
	Author = {Frank Pfenning and Carsten Sch{\"u}rmann},
	Booktitle = {Automated Deduction, CADE-16},
	Date-Added = {2014-03-27 18:46:06 +0000},
	Date-Modified = {2014-03-27 18:46:06 +0000},
	Optdoi = {10.1007/3-540-48660-7_14},
	Optisbn = {978-3-540-66222-8},
	Optpublisher = {Springer Berlin Heidelberg},
	Opturl = {http://dx.doi.org/10.1007/3-540-48660-7_14},
	Pages = {202--206},
	Series = {Lecture Notes in Computer Science},
	Title = {System Description: Twelf --- {A} Meta-Logical Framework for Deductive Systems},
	Volume = {1632},
	Year = {1999}}

@article{JFP:1349748,
	Author = {Peter Achten and Rinus Plasmeijer},
	Date-Added = {2014-03-27 18:46:06 +0000},
	Date-Modified = {2014-03-27 18:46:06 +0000},
	Issue = {01},
	Journal = {Journal of Functional Programming},
	Month = jan,
	Optdoi = {10.1017/S0956796800001258},
	Optissn = {1469-7653},
	Optnumpages = {30},
	Opturl = {http://journals.cambridge.org/article_S0956796800001258},
	Pages = {81--110},
	Title = {The ins and outs of Clean {I}/{O}},
	Volume = {5},
	Year = {1995}}

@inproceedings{Whitehouse:2004:HNA:990064.990079,
	Address = {New York, NY, USA},
	Author = {Kamin Whitehouse and Cory Sharp and Eric Brewer and David Culler},
	Booktitle = {Proceedings of the 2Nd International Conference on Mobile Systems, Applications, and Services},
	Date-Added = {2014-03-27 18:46:06 +0000},
	Date-Modified = {2014-03-27 18:46:06 +0000},
	Optacmid = {990079},
	Optdoi = {10.1145/990064.990079},
	Optisbn = {1-58113-793-1},
	Optkeywords = {abstraction, data sharing, distributed algorithms, neighborhood, sensor networks},
	Optlocation = {Boston, MA, USA},
	Optnumpages = {12},
	Optpublisher = {ACM},
	Optseries = {MobiSys '04},
	Opturl = {http://doi.acm.org/10.1145/990064.990079},
	Pages = {99--110},
	Title = {Hood: {A} Neighborhood Abstraction for Sensor Networks},
	Year = {2004}}

@article{Madden:2005:TAQ:1061318.1061322,
	Address = {New York, NY, USA},
	Author = {Samuel R. Madden and Michael J. Franklin and Joseph M. Hellerstein and Wei Hong},
	Date-Added = {2014-03-27 18:46:06 +0000},
	Date-Modified = {2014-03-27 18:46:06 +0000},
	Journal = {ACM Transactions on Database Systems},
	Month = mar,
	Number = {1},
	Optacmid = {1061322},
	Optdoi = {10.1145/1061318.1061322},
	Optissn = {0362-5915},
	Optkeywords = {Query processing, data acquisition, sensor networks},
	Optnumpages = {52},
	Optpublisher = {ACM},
	Opturl = {http://doi.acm.org/10.1145/1061318.1061322},
	Pages = {122--173},
	Title = {Tiny{DB}: An Acquisitional Query Processing System for Sensor Networks},
	Volume = {30},
	Year = {2005}}

@inproceedings{Newton:2007:RMS:1236360.1236422,
	Address = {New York, NY, USA},
	Author = {Ryan Newton and Greg Morrisett and Matt Welsh},
	Booktitle = {Proceedings of the 6th International Conference on Information Processing in Sensor Networks},
	Date-Added = {2014-03-27 18:46:06 +0000},
	Date-Modified = {2014-03-27 18:46:06 +0000},
	Optisbn = {978-1-59593-638-7},
	Optpublisher = {ACM},
	Optseries = {IPSN '07},
	Pages = {489--498},
	Title = {The Regiment Macroprogramming System},
	Year = {2007}}

@inproceedings{Kothari:2007:REP:1250734.1250757,
	Address = {New York, NY, USA},
	Author = {Nupur Kothari and Ramakrishna Gummadi and Todd Millstein and Ramesh Govindan},
	Booktitle = {Proceedings of the 2007 ACM SIGPLAN Conference on Programming Language Design and Implementation},
	Date-Added = {2014-03-27 18:46:06 +0000},
	Date-Modified = {2014-03-27 18:46:06 +0000},
	Optacmid = {1250757},
	Optdoi = {10.1145/1250734.1250757},
	Optisbn = {978-1-59593-633-2},
	Optkeywords = {deadlocks, energy efficiency, macroprogramming, serializability, wireless sensor networks},
	Optlocation = {San Diego, California, USA},
	Optnumpages = {11},
	Optpublisher = {ACM},
	Opturl = {http://doi.acm.org/10.1145/1250734.1250757},
	Pages = {200--210},
	Series = {PLDI '07},
	Title = {Reliable and Efficient Programming Abstractions for Wireless Sensor Networks},
	Year = {2007}}

@inproceedings{4543691,
	Author = {Michael De~Rosa and Seth C. Goldstein and Peter Lee and Padmanabhan Pillai and Jason D. Campbell},
	Booktitle = {Robotics and Automation, 2008. ICRA 2008. IEEE International Conference on},
	Date-Added = {2014-03-27 18:46:06 +0000},
	Date-Modified = {2014-03-27 18:46:06 +0000},
	Month = may,
	Pages = {3156--3162},
	Title = {Programming modular robots with locally distributed predicates},
	Year = {2008}}

@article{Beal:2006:IEE:1137236.1137354,
	Address = {Piscataway, NJ, USA},
	Author = {Jacob Beal and Jonathan Bachrach},
	Date-Added = {2014-03-27 18:46:06 +0000},
	Date-Modified = {2014-03-27 18:46:06 +0000},
	Journal = {IEEE Intelligent Systems},
	Month = mar,
	Number = {2},
	Optacmid = {1137354},
	Optdoi = {10.1109/MIS.2006.29},
	Optissn = {1541-1672},
	Optissue_Date = {March 2006},
	Optkeywords = {and parallel languages, concurrent, concurrent, distributed, and parallel languages, dataflow languages, distributed, distributed systems, wireless sensor networks},
	Optnumpages = {10},
	Optpublisher = {IEEE Educational Activities Department},
	Opturl = {http://dx.doi.org/10.1109/MIS.2006.29},
	Pages = {10--19},
	Title = {Infrastructure for Engineered Emergence on Sensor/Actuator Networks},
	Volume = {21},
	Year = {2006}}
